<?xml version="1.0" encoding="UTF-8"?><collection xmlns="http://www.loc.gov/MARC21/slim"><record><leader>00670nam--2200193-u-4500</leader><controlfield tag="001">000053124</controlfield><controlfield tag="002">20161230</controlfield><controlfield tag="005">20161230201050</controlfield><controlfield tag="008">110106s1000------------r-----000-0-eng-d</controlfield><datafield ind1=" " ind2=" " tag="040"><subfield code="a">IFIN-HH</subfield></datafield><datafield ind1=" " ind2=" " tag="080"><subfield code="a">539.12...16(063)</subfield></datafield><datafield ind1="1" ind2=" " tag="100"><subfield code="a">Lunardi, S</subfield></datafield><datafield ind1="1" ind2="0" tag="245"><subfield code="a">Structure of nuclei under extreme conditions</subfield><subfield code="b">European physical society xvi nuclear physics divisional conference, padova, march 31-april 4, 1998; snec 98</subfield><subfield code="c">S. LUNARDI; R.A. RICCI; W VON OERTZEN (Eds.)</subfield></datafield><datafield ind1=" " ind2=" " tag="260"><subfield code="a">Bolonia</subfield><subfield code="b">Editrice Compositori</subfield><subfield code="c">1999</subfield></datafield><datafield ind1=" " ind2=" " tag="300"><subfield code="a">1119P</subfield></datafield><datafield ind1=" " ind2=" " tag="502"><subfield code="a">Donatie - Dr.Dorin Poenaru</subfield></datafield><datafield ind1="1" ind2=" " tag="700"><subfield code="a">Oertzen, W Von</subfield><subfield code="e">Ed</subfield></datafield><datafield ind1=" " ind2=" " tag="852"><subfield code="a">81272</subfield><subfield code="c">539.12</subfield></datafield><datafield ind1=" " ind2=" " tag="CAT"><subfield code="a">Sys</subfield><subfield code="c">20110106</subfield><subfield code="h">124039</subfield></datafield></record></collection>